<?xml version="1.0" encoding="UTF-8"?><record xmlns="http://www.loc.gov/MARC21/slim" xmlns:cinclude="http://apache.org/cocoon/include/1.0" xmlns:zs="http://www.loc.gov/zing/srw/">
  <leader>00430nz  a2200121n  4500</leader>
  <controlfield tag="001">n  89655281 </controlfield>
  <controlfield tag="003">DLC</controlfield>
  <controlfield tag="005">19891003095049.2</controlfield>
  <controlfield tag="008">891003n| acannaab|          |n aad |||  </controlfield>
  <datafield tag="010" ind1=" " ind2=" ">
    <subfield code="a">n  89655281 </subfield>
  </datafield>
  <datafield tag="040" ind1=" " ind2=" ">
    <subfield code="a">DLC</subfield>
    <subfield code="c">DLC</subfield>
  </datafield>
  <datafield tag="100" ind1="1" ind2="0">
    <subfield code="a">Laquer, Frederic Clayton,</subfield>
    <subfield code="d">1950-</subfield>
  </datafield>
  <datafield tag="670" ind1=" " ind2=" ">
    <subfield code="a">nuc89-87822: His Adsorption studies of phenol onto siltstone ... [MI] 1985</subfield>
    <subfield code="b">(hdg. on MoU rept.: Laquer, Frederic Clayton, 1950- ; usage: Frederic Clayton Laquer)</subfield>
  </datafield>
</record>